{
  "metadata": {
    "dataset_name": "business_discovery_unknown_company",
    "total_insights": 3,
    "generated_date": "2025-10-19 15:57:19",
    "domain": "Unknown",
    "dataset_type": "Data Analysis"
  },
  "visualizations": [
    {
      "viz_id": 1,
      "title": "Top Customer Segments by Total Revenue",
      "chart_type": "bar",
      "data": {
        "chart_type": "bar",
        "data": [
          147443.2775,
          143629.366,
          135981.2825,
          132940.85150000002,
          130830.3125,
          113384.561,
          110684.791,
          106799.4105,
          95396.1415,
          94052.805
        ],
        "labels": [
          "Tech - Small - South",
          "Tech - Small - West",
          "Tech - Medium - East",
          "Healthcare - Small - South",
          "Tech - Medium - North",
          "Healthcare - Medium - West",
          "Finance - Small - North",
          "Healthcare - Small - North",
          "Tech - Medium - South",
          "Finance - Medium - North"
        ],
        "title": "Top Customer Segments by Total Revenue"
      },
      "description": "Visualization for: Which customer segments generate the most revenue and profit?",
      "question": "Which customer segments generate the most revenue and profit?"
    },
    {
      "viz_id": 2,
      "title": "Distribution of Customer Churn Risk",
      "chart_type": "bar",
      "data": {
        "chart_type": "bar",
        "data": [
          144,
          49,
          307
        ],
        "labels": [
          "Low",
          "Medium",
          "High"
        ],
        "title": "Distribution of Customer Churn Risk"
      },
      "description": "Visualization for: What are the main reasons customers are at risk of leaving, and how can we reduce churn?",
      "question": "What are the main reasons customers are at risk of leaving, and how can we reduce churn?"
    },
    {
      "viz_id": 3,
      "title": "Monthly Marketing Spend, Revenue, and New Customer Acquisition Trends",
      "chart_type": "line",
      "data": {
        "chart_type": "line",
        "data": {
          "marketing_spend": [
            164895.97,
            170270.04,
            205926.09,
            201625.21,
            198633.26,
            180711.38999999998,
            162465.73,
            141989.09,
            126996.76,
            135966.88,
            147908.79,
            171589.49,
            201614.85,
            202764.86000000002,
            233159.97,
            231034.35,
            229058.42,
            200650.62,
            191495.7,
            175316.31,
            160867.53,
            163429.88,
            174836.01,
            201333.95,
            228715.04,
            233179.5,
            267916.62,
            263763.29,
            264796.44,
            242829.99,
            222394.51,
            207318.67,
            185937.16,
            201846.04,
            206103.12,
            236201.85
          ],
          "revenue": [
            1248578.83,
            1303734.9,
            1550731.1400000001,
            1536305.843752549,
            1543020.9066795409,
            1369962.89,
            1333355.09,
            1277815.21,
            1213381.4120803229,
            1413837.9582097146,
            1326857.75,
            1448338.35,
            1511719.79,
            1484680.7024845667,
            1600447.95,
            1570875.8973726837,
            1579146.66,
            1502296.6,
            1527301.13,
            1489541.68,
            1421598.29,
            1467615.6879388744,
            1379792.83,
            1538199.0924863436,
            1620823.2308548708,
            1514637.83,
            1748449.93,
            1948606.052990928,
            1813314.45,
            1732048.62,
            1670372.8699999999,
            1559554.95,
            1434294.46,
            1507142.63,
            1483903.89,
            1640704.24
          ],
          "new_customers": [
            11,
            10,
            10,
            11,
            11,
            10,
            11,
            11,
            10,
            11,
            11,
            10,
            11,
            10,
            11,
            10,
            11,
            11,
            10,
            11,
            11,
            11,
            10,
            11,
            11,
            9,
            11,
            11,
            11,
            10,
            11,
            11,
            10,
            11,
            10,
            1
          ]
        },
        "labels": [
          "2021-01",
          "2021-02",
          "2021-03",
          "2021-04",
          "2021-05",
          "2021-06",
          "2021-07",
          "2021-08",
          "2021-09",
          "2021-10",
          "2021-11",
          "2021-12",
          "2022-01",
          "2022-02",
          "2022-03",
          "2022-04",
          "2022-05",
          "2022-06",
          "2022-07",
          "2022-08",
          "2022-09",
          "2022-10",
          "2022-11",
          "2022-12",
          "2023-01",
          "2023-02",
          "2023-03",
          "2023-04",
          "2023-05",
          "2023-06",
          "2023-07",
          "2023-08",
          "2023-09",
          "2023-10",
          "2023-11",
          "2023-12"
        ],
        "title": "Monthly Marketing Spend, Revenue, and New Customer Acquisition Trends",
        "y_axis_labels": {
          "marketing_spend": "Marketing Spend ($)",
          "revenue": "Revenue ($)",
          "new_customers": "New Customers"
        },
        "x_axis_label": "Month"
      },
      "description": "Visualization for: How effective is our marketing spending in attracting new customers and driving sales?",
      "question": "How effective is our marketing spending in attracting new customers and driving sales?"
    }
  ]
}